@BOOK{mitt,
	title={landau},
	publisher={高等教育出版社},
	year={2020},
	author={landau},
	series={textbook},
	edition={4}
}